@misc{zhang2024tinyllamaopensourcesmalllanguage,
      title={TinyLlama: An Open-Source Small Language Model}, 
      author={Peiyuan Zhang and Guangtao Zeng and Tianduo Wang and Wei Lu},
      year={2024},
      eprint={2401.02385},
      archivePrefix={arXiv},
      primaryClass={cs.CL},
      url={https://arxiv.org/abs/2401.02385}, 
}

@misc{wang2019gluemultitaskbenchmarkanalysis,
      title={GLUE: A Multi-Task Benchmark and Analysis Platform for Natural Language Understanding}, 
      author={Alex Wang and Amanpreet Singh and Julian Michael and Felix Hill and Omer Levy and Samuel R. Bowman},
      year={2019},
      eprint={1804.07461},
      archivePrefix={arXiv},
      primaryClass={cs.CL},
      url={https://arxiv.org/abs/1804.07461}, 
}

@misc{hu2021loralowrankadaptationlarge,
      title={LoRA: Low-Rank Adaptation of Large Language Models}, 
      author={Edward J. Hu and Yelong Shen and Phillip Wallis and Zeyuan Allen-Zhu and Yuanzhi Li and Shean Wang and Lu Wang and Weizhu Chen},
      year={2021},
      eprint={2106.09685},
      archivePrefix={arXiv},
      primaryClass={cs.CL},
      url={https://arxiv.org/abs/2106.09685}, 
}

@misc{hayou2024impactinitializationlorafinetuning,
      title={The Impact of Initialization on LoRA Finetuning Dynamics}, 
      author={Soufiane Hayou and Nikhil Ghosh and Bin Yu},
      year={2024},
      eprint={2406.08447},
      archivePrefix={arXiv},
      primaryClass={cs.LG},
      url={https://arxiv.org/abs/2406.08447}, 
}

@misc{balazy2024loraxslowrankadaptationextremely,
      title={LoRA-XS: Low-Rank Adaptation with Extremely Small Number of Parameters}, 
      author={Klaudia Ba≈Çazy and Mohammadreza Banaei and Karl Aberer and Jacek Tabor},
      year={2024},
      eprint={2405.17604},
      archivePrefix={arXiv},
      primaryClass={cs.LG},
      url={https://arxiv.org/abs/2405.17604}, 
}
@misc{hayou2024loraefficientlowrank,
      title={LoRA+: Efficient Low Rank Adaptation of Large Models}, 
      author={Soufiane Hayou and Nikhil Ghosh and Bin Yu},
      year={2024},
      eprint={2402.12354},
      archivePrefix={arXiv},
      primaryClass={cs.LG},
      url={https://arxiv.org/abs/2402.12354}, 
}

@misc{meng2025pissaprincipalsingularvalues,
      title={PiSSA: Principal Singular Values and Singular Vectors Adaptation of Large Language Models}, 
      author={Fanxu Meng and Zhaohui Wang and Muhan Zhang},
      year={2025},
      eprint={2404.02948},
      archivePrefix={arXiv},
      primaryClass={cs.LG},
      url={https://arxiv.org/abs/2404.02948}, 
}